@INPROCEEDINGS{martin2009,
author={J. Martin and C. Bernard and F. Clermidy and Y. Durand}, 
booktitle={Proceedings of European Solid-State Circuits Conference, 2009}, 
title={A Microprogrammable Memory Controller for high-performance dataflow applications}, 
year={2009}, 
pages={348-351}, 
keywords={buffer storage;data flow computing;embedded systems;integrated circuit design;microcontrollers;microprogramming;programmable circuits;synchronisation;system-on-chip;MMC design;OFDMA communication;bandwidth 385 MHz;baseband processing;bit rate 24.6 Gbit/s;data buffering;data duplication;data processing core;data reordering;data synchronization;global complexity reduction;high-performance embedded dataflow management system;intensive data manipulation;logical buffer;low-power CMOS integrated circuit;memory reduction;microprogrammable memory controller;power 38 mW;power consumption;size 65 nm;system-on-chip;Bandwidth;Baseband;Buffer storage;CMOS integrated circuits;Communication system control;Control systems;Data processing;Power system management;Random access memory;Read-write memory}, 
//doi={10.1109/ESSCIRC.2009.5325981}, 
ISSN={1930-8833}, 
month={Sept},}

@INPROCEEDINGS{kornaros2003,
author={G. Kornaros and I. Papaefstathiou and A. Nikologiannis and N. Zervos}, 
booktitle={Proceedings of Design Automation Conference},
title={A Fully Programmable Memory Management System Optimizing Queue Handling at Multi Gigabit Rates},
year={2003}, 
pages={54-59}, 
keywords={CMOS memory circuits;DRAM chips;SRAM chips;embedded systems;memory architecture;optimisation;quality of service;storage management chips;system-on-chip;0.18 micron;10 Gbit/s;QoS;embedded system hardware component;fully programmable system;memory bandwidth;memory capacity;memory management system;memory manager architecture;multi gigabit rates;network SoCs;network embedded system;optimizing queue handling;per-flow queuing;programmable network processor;quality of service;Aggregates;Bandwidth;Design optimization;Embedded system;Hardware;Memory architecture;Memory management;Quality of service;Random access memory;Throughput}, 
//doi={10.1109/DAC.2003.1218800}, 
month={June},}

@inproceedings{kuskin1994,
 author = {Kuskin, J. and Ofelt, D. and Heinrich, M. and Heinlein, J. and Simoni, R. and Gharachorloo, K. and Chapin, J. and Nakahira, D. and Baxter, J. and Horowitz, M. and Gupta, A. and Rosenblum, M. and Hennessy, J.},
 title = {The Stanford FLASH Multiprocessor},
 booktitle = {Proceedings of the 21st Annual International Symposium on Computer Architecture},
 series = {ISCA '94},
 year = {1994},
 isbn = {0-8186-5510-0},
 location = {Chicago, Illinois, USA},
 pages = {302--313},
 numpages = {12},
 //url = {http://dx.doi.org/10.1145/191995.192056},
 //doi = {10.1145/191995.192056},
 acmid = {192056},
 publisher = {IEEE Computer Society},
 address = {Los Alamitos, CA, USA},
} 

@inproceedings{reinhardt1994,
 author = {Reinhardt, S. K. and Larus, J. R. and Wood, D. A.},
 title = {Tempest and Typhoon: User-level Shared Memory},
 booktitle = {Proceedings of the 21st Annual International Symposium on Computer Architecture},
 series = {ISCA '94},
 year = {1994},
 isbn = {0-8186-5510-0},
 location = {Chicago, Illinois, USA},
 pages = {325--336},
 numpages = {12},
 //url = {http://dx.doi.org/10.1145/191995.192062},
 //doi = {10.1145/191995.192062},
 acmid = {192062},
 publisher = {IEEE Computer Society},
 address = {Los Alamitos, CA, USA},
} 

@inproceedings{impulse1999,
 author = {Carter, J. and Hsieh, W. and Stoller, L. and Swanson, M. and Zhang, L. and Brunvand, E. and Davis, A. and Kuo, C.-C. and Kuramkote, R. and Parker, M. and Schaelicke, L. and Tateyama, T.},
 title = {Impulse: Building a Smarter Memory Controller},
 booktitle = {Proceedings of the 5th International Symposium on High Performance Computer Architecture},
 series = {HPCA '99},
 year = {1999},
 isbn = {0-7695-0004-8},
 pages = {70--},
 //url = {http://dl.acm.org/citation.cfm?id=520549.822749},
 acmid = {822749},
 publisher = {IEEE Computer Society},
 address = {Washington, DC, USA},
} 

@article{pong1998,
 author = {Pong, Fong and Browne, Michael and Nowatzyk, Andreas and Dubois, Michel and Aybay, G\"{u}nes},
 title = {Design Verification of the S3.Mp Cache-Coherent Shared-Memory System},
 journal = {IEEE Trans. Comput.},
 issue_date = {January 1998},
 volume = {47},
 number = {1},
 month = {jan},
 year = {1998},
 issn = {0018-9340},
 pages = {135--140},
 numpages = {6},
 //url = {http://dx.doi.org/10.1109/12.656100},
 //doi = {10.1109/12.656100},
 acmid = {278240},
 publisher = {IEEE Computer Society},
 address = {Washington, DC, USA},
} 

@article{p4_2014,
 author = {Bosshart, Pat and Daly, Dan and Gibb, Glen and Izzard, Martin and McKeown, Nick and Rexford, Jennifer and Schlesinger, Cole and Talayco, Dan and Vahdat, Amin and Varghese, George and Walker, David},
 title = {P4: Programming Protocol-independent Packet Processors},
 journal = {SIGCOMM Comput. Commun. Rev.},
 issue_date = {July 2014},
 volume = {44},
 number = {3},
 month = {jul},
 year = {2014},
 issn = {0146-4833},
 pages = {87--95},
 numpages = {9},
 //url = {http://doi.acm.org/10.1145/2656877.2656890},
 //doi = {10.1145/2656877.2656890},
 acmid = {2656890},
 publisher = {ACM},
 address = {New York, NY, USA},
 keywords = {p4, protocol-independent, reconfigurability, sdn},
} 

@inproceedings{song2013,
 author = {Song, Haoyu},
 title = {Protocol-oblivious Forwarding: Unleash the Power of SDN Through a Future-proof Forwarding Plane},
 booktitle = {Proceedings of the 2nd ACM SIGCOMM Workshop on Hot Topics in Software Defined Networking},
 series = {HotSDN '13},
 year = {2013},
 isbn = {978-1-4503-2178-5},
 location = {Hong Kong, China},
 pages = {127--132},
 numpages = {6},
 //url = {http://doi.acm.org/10.1145/2491185.2491190},
 //doi = {10.1145/2491185.2491190},
 acmid = {2491190},
 publisher = {ACM},
 address = {New York, NY, USA},
 keywords = {forwarding plane, openflow, pof, sdn},
} 

@inproceedings{jeyakumar2013,
 author = {Jeyakumar, Vimalkumar and Alizadeh, Mohammad and Kim, Changhoon and Mazi\`{e}res, David},
 title = {Tiny Packet Programs for Low-latency Network Control and Monitoring},
 booktitle = {Proceedings of the 12th ACM Workshop on Hot Topics in Networks},
 series = {HotNets-XII},
 year = {2013},
 isbn = {978-1-4503-2596-7},
 location = {College Park, Maryland},
 pages = {8:1--8:7},
 articleno = {8},
 numpages = {7},
 //url = {http://doi.acm.org/10.1145/2535771.2535780},
 //doi = {10.1145/2535771.2535780},
 acmid = {2535780},
 publisher = {ACM},
 address = {New York, NY, USA},
 keywords = {SDN, active networks, network architecture, software-defined networks, switch ASIC design},
} 

@inproceedings{sivaraman2013,
 author = {Sivaraman, Anirudh and Winstein, Keith and Subramanian, Suvinay and Balakrishnan, Hari},
 title = {No Silver Bullet: Extending SDN to the Data Plane},
 booktitle = {Proceedings of the 12th ACM Workshop on Hot Topics in Networks},
 series = {HotNets-XII},
 year = {2013},
 isbn = {978-1-4503-2596-7},
 location = {College Park, Maryland},
 pages = {19:1--19:7},
 articleno = {19},
 numpages = {7},
 //url = {http://doi.acm.org/10.1145/2535771.2535796},
 //doi = {10.1145/2535771.2535796},
 acmid = {2535796},
 publisher = {ACM},
 address = {New York, NY, USA},
} 

