@article{dean_tail_2013,
        title = {The Tail at Scale},
        volume = {56},
        //issn = {0001-0782},
        //url = {http://doi.acm.org/10.1145/2408776.2408794},
        //doi = {10.1145/2408776.2408794},
        abstract = {Software techniques that tolerate latency variability are vital to building responsive large-scale Web services.},
        number = {2},
        urldate = {2014-05-02},
        journal = {Commun. {ACM}},
        author = {Dean, Jeffrey and Barroso, Luiz Andre},
        month = feb,
        year = {2013},
        pages = {74-80}
}

@misc{cgroup,
	title = {{Cgroups}},
	howpublished = {\url{http://en.wikipedia.org/wiki/Cgroups}},
}

@inproceedings{pard2015,
	author = {Ma, Jiuyue and Sui, Xiufeng and Sun, Ninghui and Li, Yupeng and Yu, Zihao and Huang, Bowen and Xu, Tianni and Yao, Zhicheng and Chen, Yun and Wang, Haibin and Zhang, Lixin and Bao, Yungang},
	title = {Supporting Differentiated Services in Computers via Programmable Architecture for Resourcing-on-Demand (PARD)},
	booktitle = {Proceedings of the Twentieth International Conference on Architectural Support for Programming Languages and Operating Systems},
	series = {ASPLOS '15},
	year = {2015},
	isbn = {978-1-4503-2835-7},
	location = {Istanbul, Turkey},
	pages = {131--143},
	numpages = {13},
	url = {http://doi.acm.org/10.1145/2694344.2694382},
	doi = {10.1145/2694344.2694382},
	acmid = {2694382},
	publisher = {ACM},
	address = {New York, NY, USA},
	keywords = {QoS, data center, hardware/software interface},
} 

@inproceedings{borg2015,
	author = {Verma, Abhishek and Pedrosa, Luis and Korupolu, Madhukar and Oppenheimer, David and Tune, Eric and Wilkes, John},
	title = {Large-scale Cluster Management at Google with Borg},
	booktitle = {Proceedings of the Tenth European Conference on Computer Systems},
	series = {EuroSys '15},
	year = {2015},
	isbn = {978-1-4503-3238-5},
	location = {Bordeaux, France},
	pages = {18:1--18:17},
	articleno = {18},
	numpages = {17},
	url = {http://doi.acm.org/10.1145/2741948.2741964},
	doi = {10.1145/2741948.2741964},
	acmid = {2741964},
	publisher = {ACM},
	address = {New York, NY, USA},
} 

@inproceedings{timecard2013,
	author = {Ravindranath, Lenin and Padhye, Jitendra and Mahajan, Ratul and Balakrishnan, Hari},
	title = {Timecard: Controlling User-perceived Delays in Server-based Mobile Applications},
	booktitle = {Proceedings of the Twenty-Fourth ACM Symposium on Operating Systems Principles},
	series = {SOSP '13},
	year = {2013},
	isbn = {978-1-4503-2388-8},
	location = {Farminton, Pennsylvania},
	pages = {85--100},
	numpages = {16},
	url = {http://doi.acm.org/10.1145/2517349.2522717},
	doi = {10.1145/2517349.2522717},
	acmid = {2522717},
	publisher = {ACM},
	address = {New York, NY, USA},
} 

@article{tailatscale_2013,
	title = {The tail at scale},
	volume = {56},
	url = {http://dl.acm.org/citation.cfm?id=2408794},
	number = {2},
	urldate = {2014-04-01},
	journal = {Communications of the ACM},
	author = {Dean, Jeffrey and Barroso, Luiz Andr√©},
	year = {2013},
	pages = {74--80}
}

@article{21st_architecture,
	title = {{Computing Community Consortium (CCC)}. 21st Century Computer Architecture},
	journal = {A community white paper},
	//author = {Computing Community Consortium (CCC)},
	url = {http://cra.org/ccc/docs/init/21stcenturyarchitecturewhitepaper.pdf},
	year = {2012}
}

