%fix me
@online{Kubernetes,
    title = {{Kubernetes}},
    url = {http://kubernetes.io/},
    citedate = {2016-05-13},
    year = {2014},
}

%fix me
@online{Cosmos,
    title = {{Cosmos: big data and big challenges}},
    author  = {Pat Helland},
    url = {http://research.microsoft.com/en-us/events/fs2011/helland_cosmos_big_data_and_big_challenges.pdf},
    year = {2011},
    citedate = {2016-01-15},
}

%fix me
@online{Aurora,
    title = {{Aurora: a Mesos framework for long-running services and cron jobs}},
    author = {{Apache}},
    citedate = {2016-05-13},
    url = {http://aurora.apache.org/}
}


%fix me
@online{YARN,
    title = {{Hadoop MapReduce Next Generation --- Capacity Scheduler}},
    url = {http://hadoop.apache.org/docs/r2.2.0/hadoop-yarn/hadoop-yarn-site/CapacityScheduler.html},
    citedate = {2016-05-13},
    year = {2013},
}

@inproceedings {Apollo,
    author = {Boutin, Eric and Ekanayake, Jaliya and Lin, Wei and Shi, Bing and Zhou, Jingren and Qian, Zhengping and Wu, Ming and Zhou, Lidong},
    title = {Apollo: Scalable and Coordinated Scheduling for Cloud-scale Computing},
    booktitle = {Proceedings of the 11th USENIX Conference on Operating Systems Design and Implementation},
    series = {OSDI'14},
    year = {2014},
    isbn = {978-1-931971-16-4},
    location = {Broomfield, CO},
    pages = {285--300},
    numpages = {16},
    //url = {http://dl.acm.org/citation.cfm?id=2685048.2685071},
    acmid = {2685071},
    publisher = {USENIX Association},
    address = {Berkeley, CA, USA},
} 

}


@article{Fuxi,
 author = {Zhang, Zhuo and Li, Chao and Tao, Yangyu and Yang, Renyu and Tang, Hong and Xu, Jie},
 title = {Fuxi: A Fault-tolerant Resource Management and Job Scheduling System at Internet Scale},
 journal = {Proc. VLDB Endow.},
 issue_date = {August 2014},
 volume = {7},
 number = {13},
 month = aug,
 year = {2014},
 issn = {2150-8097},
 pages = {1393--1404},
 numpages = {12},
 //url = {http://dl.acm.org/citation.cfm?id=2733004.2733012},
 acmid = {2733012},
 publisher = {VLDB Endowment},
}
